@inproceedings{frozza2018approach,
  title={An approach for schema extraction of JSON and extended JSON document collections},
  author={Frozza, Angelo Augusto and dos Santos Mello, Ronaldo and da Costa, Felipe de Souza},
  booktitle={2018 IEEE International Conference on Information Reuse and Integration (IRI)},
  pages={356--363},
  year={2018},
  organization={IEEE}
}

@article{ccelikten2016modeling,
  title={Modeling urban behavior by mining geotagged social data},
  author={{\c{C}}elikten, Emre and Le Falher, G{\'e}raud and Mathioudakis, Michael},
  journal={IEEE transactions on Big Data},
  volume={3},
  number={2},
  pages={220--233},
  year={2016},
  publisher={IEEE}
}

@article{wang2015schema,
  title={Schema management for document stores},
  author={Wang, Lanjun and Zhang, Shuo and Shi, Juwei and Jiao, Limei and Hassanzadeh, Oktie and Zou, Jia and Wangz, Chen},
  journal={Proceedings of the VLDB Endowment},
  volume={8},
  number={9},
  pages={922--933},
  year={2015},
  publisher={VLDB Endowment}
}